@Misc{
    refMap,
    title = "Module Map de OCaml",
    howpublished = {https://caml.inria.fr/pub/docs/manual-ocaml/libref/Map.html}
} 
@Misc{
    refGc,
    title = "Module Gc de OCaml",
    howpublished = {https://caml.inria.fr/pub/docs/manual-ocaml/libref/Gc.html},
}
@Misc{
    refUnix,
    title = "Module Unix de OCaml",
    howpublished = {https://caml.inria.fr/pub/docs/manual-ocaml/libref/Unix.html},
}